@book{arm_man,
   author* = {Hohl, W. and Hinds, C},
   year = {2014},
   title = {ARM Assembly Language, 2nd Edition},
   publisher = {CRC Press}
}

@misc{kmd,
	title = {{KMD - Komodo Manchester Debugger}},
	howpublished = {\url{https://studentnet.cs.manchester.ac.uk/resources/software/komodo/}},
	note = {Accessed: \today}
}
@misc{linux,
	title = {{Linux [Operating System]}},
	howpublised = {\url{https://github.com/torvalds/linux/releases/tag/v4.1-rc8}},
	note = {Accessed: \today},
	author = {Linus Torvalds}
}
@misc{windows,
	title = {{Windows [Operating System]}},
	howpublished = {\url{https://www.microsoft.com/en-us/windows?r=1}},
	note = {Accessed: \today}
}
@misc{apple,
	title = {{MacOS [Operating System]}},
	howpublished = {\url{https://www.apple.com/uk/macos/}},
	note = {Accessed: \today}

}